@misc{fowler:pairing,
    author = {Birgitta BÃ¶ckeler and Nina Siessegger},
    title = {On Pair Programming},
    year = {2020},
    note = {[Online; accessed 3-May-2022]},
    howpublished = {\url{https://martinfowler.com/articles/on-pair-programming.html}}
}
